<record><leader>00000cas a22000007a 4500</leader><controlfield tag="001">12591920</controlfield><controlfield tag="008">850923d19331975pauer ne      0    0eng d</controlfield><datafield ind1=" " ind2=" " tag="010"><subfield code="a">sn 85055204 </subfield></datafield><datafield ind1=" " ind2=" " tag="040"><subfield code="a">NPH</subfield><subfield code="b">eng</subfield><subfield code="c">NPH</subfield><subfield code="d">OCLCQ</subfield></datafield><datafield ind1=" " ind2=" " tag="042"><subfield code="a">msc</subfield></datafield><datafield ind1="0" ind2="0" tag="245"><subfield code="a">Tap &amp; tavern.</subfield></datafield><datafield ind1="3" ind2="0" tag="246"><subfield code="a">Tap and tavern</subfield></datafield><datafield ind1=" " ind2=" " tag="260"><subfield code="a">Philadelphia, Pa. :</subfield><subfield code="b">J.A. Lazar</subfield></datafield><datafield ind1=" " ind2=" " tag="300"><subfield code="a">v. :</subfield><subfield code="b">ill.</subfield></datafield><datafield ind1=" " ind2=" " tag="310"><subfield code="a">Biweekly,</subfield><subfield code="b">June 18, 1962-</subfield></datafield><datafield ind1=" " ind2=" " tag="321"><subfield code="a">Weekly,</subfield><subfield code="b">&lt;Feb. 14, 1935&gt;-June 4, 1962</subfield></datafield><datafield ind1="1" ind2=" " tag="362"><subfield code="a">Began in 1933.</subfield><subfield code="z">Cf. Rossell, G. Pa. newspapers.</subfield></datafield><datafield ind1=" " ind2=" " tag="500"><subfield code="a">Publisher varies.</subfield></datafield><datafield ind1=" " ind2=" " tag="550"><subfield code="a">"Official journal of the Pennsylvania Retail Liquor Dealers' Association," &lt;Feb. 25, 1935&gt;-Mar. 14, 1935.</subfield></datafield><datafield ind1=" " ind2=" " tag="580"><subfield code="a">Absorbed by: Observer (Philadelphia, Pa. : 1939), Dec. 22, 1975.</subfield></datafield><datafield ind1=" " ind2=" " tag="588"><subfield code="a">Description based on: Vol. 3, no. 19 (Feb. 14, 1935).</subfield></datafield><datafield ind1="2" ind2=" " tag="710"><subfield code="a">Pennsylvania Retail Liquor Dealers' Association.</subfield></datafield><datafield ind1=" " ind2=" " tag="752"><subfield code="a">United States</subfield><subfield code="b">Pennsylvania</subfield><subfield code="c">Philadelphia</subfield><subfield code="d">Philadelphia.</subfield></datafield><datafield ind1="1" ind2="4" tag="785"><subfield code="t">Observer (Philadelphia, Pa. : 1939)</subfield><subfield code="w">(DLC)sn 85055205</subfield><subfield code="w">(OCoLC)12715248</subfield></datafield><datafield ind1="1" ind2=" " tag="029"><subfield code="a">AU@</subfield><subfield code="b">000025804728</subfield></datafield></record>